@misc{AmnestyInternationalA,
author = {Amnesty International},
title = {Afghanistan Archives 2021},
year = {2021}}

@misc{Amnesty InternationalG,
author = {Amnesty, International},
title = {Germany Archives 2021},
year = {2021}}

@article{Bell,
author = {Jeannine Bell},
title = {Behind This Mortal Boneâ€™: The (in)Effectiveness of Torture},
year = {2000}}

@article{Haschke,
author = {Peter Haschke},
title = {Democracy and the Human Right to the Physical Integrity of the Person},
year = {1970}}

@article{Hooker,
author = {Matthew P. Hooker},
title = {Censorship, Free Speech and Facebook: Applying the First Amendment to Social Media Platforms via the Public Function Exception},
year = {2019}}

@article{HumanRightsWatchA,
author = {Human Rights Watch},
title = {Afghanistan Country Report},
year = {2022}}

@article{HumanRightsWatchG,
author = {Human Rights Watch},
title = {Germany Country Report},
year = {2022}}

@article{HumanRightsWatchI,
author = {Human Rights Watch},
title = {Iran Country Report},
year = {2022}}

@article{IranHumanRights,
author = {Iran Human Rights},
title = {Iran Human Rights},
year = {2022}}

@article{Kearns,
author = {Erin M. Kearns},
title = {The Study of Torture: Why It Persists, Why Perceptions of It Are Malleable, and Why It Is Difficult to Eradicate},
year = {2014}}

@article{Piazza,
author = {James A. Piazza},
title = {Physical Integrity Rights and Terrorism},
volume = {43},
pages = {411-414},
year = {2010}
}

@article{UnitedNationsA,
journal = {United Nations},
title = {Countries and Territories: Afghanistan},
year = {2022}}

@article{UnitedNationsG,
author = {United Nations},
title = {Countries and Territories: Germany},
year = {2022}}

@article{USSenateReport,
journal = {United States Senate Select Committee on Intelligence},
title = {Committee Study of the Central Intelligence Agency's Detention and Interrogation Program Together with Foreword by Chairman Feinstein and Additional and Minority Views},
year = {2022}}